%% This BibTeX bibliography file was created using BibDesk.
%% http://bibdesk.sourceforge.net/


%% Created for Thorpe, James I. (GSFC-6630) at 2017-09-26 11:09:10 -0400 


%% Saved with string encoding Unicode (UTF-8) 





@book{lehmann2008,
	Author = {Lehmann, E.L. and Romano, J.P.},
	Date-Added = {2015-12-21 20:51:50 +0000},
	Date-Modified = {2015-12-21 20:51:59 +0000},
	Isbn = {9780387988641},
	Lccn = {2004051464},
	Publisher = {Springer New York},
	Series = {Springer Texts in Statistics},
	Title = {Testing Statistical Hypotheses},
	Url = {https://books.google.com/books?id=Y7vSVW3ebSwC},
	Year = {2008},
	Bdsk-Url-1 = {https://books.google.com/books?id=Y7vSVW3ebSwC}}

@article{Beech1999,
	Author = {Martin Beech and Ruediger Jehn and Peter Brown and James Jones},
	Date-Added = {2015-12-19 03:04:26 +0000},
	Date-Modified = {2015-12-19 03:04:33 +0000},
	Doi = {http://dx.doi.org/10.1016/S0094-5765(99)00022-3},
	Issn = {0094-5765},
	Journal = {Acta Astronautica},
	Number = {5--6},
	Pages = {281 - 292},
	Title = {Satellite impact probabilities: annual showers and the 1965 and 1966 Leonid storms},
	Url = {http://www.sciencedirect.com/science/article/pii/S0094576599000223},
	Volume = {44},
	Year = {1999},
	Bdsk-Url-1 = {http://www.sciencedirect.com/science/article/pii/S0094576599000223},
	Bdsk-Url-2 = {http://dx.doi.org/10.1016/S0094-5765(99)00022-3}}

@article{Jopek2010,
	Adsnote = {Provided by the SAO/NASA Astrophysics Data System},
	Adsurl = {http://adsabs.harvard.edu/abs/2010MNRAS.404..867J},
	Author = {{Jopek}, T.~J. and {Koten}, P. and {Pecina}, P.},
	Date-Added = {2015-12-19 03:02:01 +0000},
	Date-Modified = {2015-12-19 03:02:13 +0000},
	Doi = {10.1111/j.1365-2966.2010.16316.x},
	Journal = {{MNRAS}},
	Keywords = {methods: data analysis, meteors, meteoroids},
	Month = may,
	Pages = {867-875},
	Title = {{Meteoroid streams identification amongst 231 Southern hemisphere video meteors}},
	Volume = 404,
	Year = 2010,
	Bdsk-Url-1 = {http://dx.doi.org/10.1111/j.1365-2966.2010.16316.x}}

@article{Jopek2003,
	Adsnote = {Provided by the SAO/NASA Astrophysics Data System},
	Adsurl = {http://adsabs.harvard.edu/abs/2003MNRAS.344..665J},
	Author = {{Jopek}, T.~J. and {Valsecchi}, G.~B. and {Froeschl{\'e}}, C.},
	Date-Added = {2015-12-19 03:00:00 +0000},
	Date-Modified = {2015-12-19 03:00:27 +0000},
	Doi = {10.1046/j.1365-8711.2003.06888.x},
	Journal = {{MNRAS}},
	Keywords = {meteors, meteoroids},
	Month = sep,
	Pages = {665-672},
	Title = {{Meteor stream identification: a new approach - III. The limitations of statistics}},
	Volume = 344,
	Year = 2003,
	Bdsk-Url-1 = {http://dx.doi.org/10.1046/j.1365-8711.2003.06888.x}}

@article{Christou2008,
	Adsnote = {Provided by the SAO/NASA Astrophysics Data System},
	Adsurl = {http://adsabs.harvard.edu/abs/2008EM%26P..102..125C},
	Author = {{Christou}, A.~A. and {Vaubaillon}, J. and {Withers}, P.},
	Date-Added = {2015-12-19 02:56:53 +0000},
	Date-Modified = {2015-12-19 02:57:05 +0000},
	Doi = {10.1007/s11038-007-9201-3},
	Journal = {Earth Moon and Planets},
	Keywords = {1P/Halley, Mars, Venus, Meteors, Meteor outbursts, Meteor showers},
	Month = jun,
	Pages = {125-131},
	Title = {{The P/Halley Stream: Meteor Showers on Earth, Venus and Mars}},
	Volume = 102,
	Year = 2008,
	Bdsk-Url-1 = {http://dx.doi.org/10.1007/s11038-007-9201-3}}

@book{Jenniskens2006,
	Adsnote = {Provided by the SAO/NASA Astrophysics Data System},
	Adsurl = {http://adsabs.harvard.edu/abs/2006mspc.book.....J},
	Author = {{Jenniskens}, P.},
	Booktitle = {Meteor Showers and their Parent Comets, by Peter Jenniskens, pp.~.~ISBN 0521853494.~Cambridge, UK: Cambridge University Press, 2006.},
	Date-Added = {2015-12-19 02:53:41 +0000},
	Date-Modified = {2015-12-19 02:55:00 +0000},
	Month = sep,
	Publisher = {Cambridge University Press},
	Title = {{Meteor Showers and their Parent Comets}},
	Year = 2006}

@article{Love2006,
	Author = {Stanley G. Love and Judith H. Allton},
	Date-Added = {2015-10-28 17:53:30 +0000},
	Date-Modified = {2015-10-28 17:53:43 +0000},
	Doi = {http://dx.doi.org/10.1016/j.icarus.2006.05.023},
	Issn = {0019-1035},
	Journal = {Icarus},
	Keywords = {Interplanetary dust},
	Number = {2},
	Pages = {302 - 307},
	Title = {Micrometeoroid impact crater statistics at the boundary of Earth's gravitational sphere of influence},
	Url = {http://www.sciencedirect.com/science/article/pii/S0019103506001953},
	Volume = {184},
	Year = {2006},
	Bdsk-Url-1 = {http://www.sciencedirect.com/science/article/pii/S0019103506001953},
	Bdsk-Url-2 = {http://dx.doi.org/10.1016/j.icarus.2006.05.023}}

@article{Rotundi2015,
	Adsnote = {Provided by the SAO/NASA Astrophysics Data System},
	Adsurl = {http://adsabs.harvard.edu/abs/2015Sci...347a3905R},
	Author = {{Rotundi}, A. and {Sierks}, H. and {Della Corte}, V. and {Fulle}, M. and {Gutierrez}, P.~J. and {Lara}, L. and {Barbieri}, C. and {Lamy}, P.~L. and {Rodrigo}, R. and {Koschny}, D. and {Rickman}, H. and {Keller}, H.~U. and {L{\'o}pez-Moreno}, J.~J. and {Accolla}, M. and {Agarwal}, J. and {A'Hearn}, M.~F. and {Altobelli}, N. and {Angrilli}, F. and {Barucci}, M.~A. and {Bertaux}, J.-L. and {Bertini}, I. and {Bodewits}, D. and {Bussoletti}, E. and {Colangeli}, L. and {Cosi}, M. and {Cremonese}, G. and {Crifo}, J.-F. and {Da Deppo}, V. and {Davidsson}, B. and {Debei}, S. and {De Cecco}, M. and {Esposito}, F. and {Ferrari}, M. and {Fornasier}, S. and {Giovane}, F. and {Gustafson}, B. and {Green}, S.~F. and {Groussin}, O. and {Gr{\"u}n}, E. and {G{\"u}ttler}, C. and {Herranz}, M.~L. and {Hviid}, S.~F. and {Ip}, W. and {Ivanovski}, S. and {Jer{\'o}nimo}, J.~M. and {Jorda}, L. and {Knollenberg}, J. and {Kramm}, R. and {K{\"u}hrt}, E. and {K{\"u}ppers}, M. and {Lazzarin}, M. and {Leese}, M.~R. and {L{\'o}pez-Jim{\'e}nez}, A.~C. and {Lucarelli}, F. and {Lowry}, S.~C. and {Marzari}, F. and {Epifani}, E.~M. and {McDonnell}, J.~A.~M. and {Mennella}, V. and {Michalik}, H. and {Molina}, A. and {Morales}, R. and {Moreno}, F. and {Mottola}, S. and {Naletto}, G. and {Oklay}, N. and {Ortiz}, J.~L. and {Palomba}, E. and {Palumbo}, P. and {Perrin}, J.-M. and {Rodr{\'{\i}}guez}, J. and {Sabau}, L. and {Snodgrass}, C. and {Sordini}, R. and {Thomas}, N. and {Tubiana}, C. and {Vincent}, J.-B. and {Weissman}, P. and {Wenzel}, K.-P. and {Zakharov}, V. and {Zarnecki}, J.~C.},
	Date-Added = {2015-10-21 17:50:20 +0000},
	Date-Modified = {2015-10-21 17:50:29 +0000},
	Doi = {10.1126/science.aaa3905},
	Eid = {aaa3905},
	Journal = {Science},
	Month = jan,
	Number = 1,
	Pages = {aaa3905},
	Title = {{Dust measurements in the coma of comet 67P/Churyumov-Gerasimenko inbound to the Sun}},
	Volume = 347,
	Year = 2015,
	Bdsk-Url-1 = {http://dx.doi.org/10.1126/science.aaa3905}}

@article{Horz2006,
	Adsnote = {Provided by the SAO/NASA Astrophysics Data System},
	Adsurl = {http://adsabs.harvard.edu/abs/2006Sci...314.1716H},
	Author = {{H\"{o}rz}, F. and {Bastien}, R. and {Borg}, J. and {Bradley}, J.~P. and {Bridges}, J.~C. and {Brownlee}, D.~E. and {Burchell}, M.~J. and {Chi}, M. and {Cintala}, M.~J. and {Dai}, Z.~R. and {Djouadi}, Z. and {Dominguez}, G. and {Economou}, T.~E. and {Fairey}, S.~A.~J. and {Floss}, C. and {Franchi}, I.~A. and {Graham}, G.~A. and {Green}, S.~F. and {Heck}, P. and {Hoppe}, P. and {Huth}, J. and {Ishii}, H. and {Kearsley}, A.~T. and {Kissel}, J. and {Leitner}, J. and {Leroux}, H. and {Marhas}, K. and {Messenger}, K. and {Schwandt}, C.~S. and {See}, T.~H. and {Snead}, C. and {Stadermann}, F.~J. and {Stephan}, T. and {Stroud}, R. and {Teslich}, N. and {Trigo-Rodr{\'{\i}}guez}, J.~M. and {Tuzzolino}, A.~J. and {Troadec}, D. and {Tsou}, P. and {Warren}, J. and {Westphal}, A. and {Wozniakiewicz}, P. and {Wright}, I. and {Zinner}, E.},
	Date-Added = {2015-10-21 17:47:00 +0000},
	Date-Modified = {2015-10-28 18:15:23 +0000},
	Doi = {10.1126/science.1135705},
	Journal = {Science},
	Month = dec,
	Pages = {1716-},
	Title = {{Impact Features on Stardust: Implications for Comet 81P/Wild 2 Dust}},
	Volume = 314,
	Year = 2006,
	Bdsk-Url-1 = {http://dx.doi.org/10.1126/science.1135705}}

@article{Trigo-Rodriguez2008,
	Author = {Trigo-Rodriguez, JosepM. and Madiedo, Jos\'{e} M. and Gural, PeterS. and Castro-Tirado, Alberto J. and Llorca, Jordi and Fabregat, Juan and V\'{i}tek, Standa and Pujols, Pep},
	Date-Added = {2015-10-21 17:43:15 +0000},
	Date-Modified = {2015-10-21 17:44:06 +0000},
	Doi = {10.1007/s11038-007-9207-x},
	Issn = {0167-9295},
	Journal = {Earth, Moon, and Planets},
	Keywords = {Meteors; Meteoroids; Meteoroid stream; All-sky camera; CCD camera; Astrometry; Heliocentric orbits},
	Language = {English},
	Number = {1-4},
	Pages = {231-240},
	Publisher = {Springer Netherlands},
	Title = {{Determination of Meteoroid Orbits and Spatial Fluxes by Using High-Resolution All-Sky CCD Cameras}},
	Url = {http://dx.doi.org/10.1007/s11038-007-9207-x},
	Volume = {102},
	Year = {2008},
	Bdsk-Url-1 = {http://dx.doi.org/10.1007/s11038-007-9207-x}}

@article{Hawkes2007,
	Author = {Hawkes, R.L.},
	Date-Added = {2015-10-21 17:41:47 +0000},
	Date-Modified = {2015-10-21 17:42:04 +0000},
	Doi = {10.1007/s11038-007-9145-7},
	Issn = {0167-9295},
	Journal = {Earth, Moon, and Planets},
	Language = {English},
	Number = {1-2},
	Pages = {93-95},
	Publisher = {Springer Netherlands},
	Title = {Peter Jenniskens, Meteor Showers and Their Parent Comets},
	Url = {http://dx.doi.org/10.1007/s11038-007-9145-7},
	Volume = {101},
	Year = {2007},
	Bdsk-Url-1 = {http://dx.doi.org/10.1007/s11038-007-9145-7}}

@article{Flynn1994,
	Author = {George J. Flynn},
	Date-Added = {2015-10-13 16:16:20 +0000},
	Date-Modified = {2015-10-13 16:16:33 +0000},
	Doi = {http://dx.doi.org/10.1016/0032-0633(94)90014-0},
	Issn = {0032-0633},
	Journal = {Planetary and Space Science},
	Number = {12},
	Pages = {1151 - 1161},
	Title = {{Interplanetary dust particles collected from the stratosphere: physical, chemical, and mineralogical properties and implications for their sources}},
	Url = {http://www.sciencedirect.com/science/article/pii/0032063394900140},
	Volume = {42},
	Year = {1994},
	Bdsk-Url-1 = {http://www.sciencedirect.com/science/article/pii/0032063394900140},
	Bdsk-Url-2 = {http://dx.doi.org/10.1016/0032-0633(94)90014-0}}

@inproceedings{Zhang1995,
	Adsnote = {Provided by the SAO/NASA Astrophysics Data System},
	Adsurl = {http://adsabs.harvard.edu/abs/1995ldef.symp..373Z},
	Author = {{Zhang}, J. and {Kessler}, D.~J.},
	Booktitle = {LDEF: 69 Months in Space. Third Post-Retrieval Symposium},
	Date-Added = {2015-10-13 16:11:55 +0000},
	Date-Modified = {2015-10-13 16:12:05 +0000},
	Keywords = {Impact Damage, Long Duration Exposure Facility, Meteoroid Concentration, Meteoroids, Micrometeoroids, Populations, Space Debris, Meteorite Craters, Rangefinding, Size Distribution},
	Month = feb,
	Pages = {373-384},
	Title = {{Orbital debris and meteoroid population as estimated from LDEF impact data}},
	Year = 1995}

@article{Weiden1978,
	Author = {Weidenschilling, S. J.},
	Date-Added = {2015-10-13 16:06:47 +0000},
	Date-Modified = {2015-10-13 16:07:04 +0000},
	Doi = {10.1029/GL005i007p00606},
	Issn = {1944-8007},
	Journal = {Geophysical Research Letters},
	Keywords = {Planetology: Interplanetary dust},
	Number = {7},
	Pages = {606--608},
	Title = {{The distribution of orbits of cosmic dust particles detected by Pioneers 8 and 9}},
	Url = {http://dx.doi.org/10.1029/GL005i007p00606},
	Volume = {5},
	Year = {1978},
	Bdsk-Url-1 = {http://dx.doi.org/10.1029/GL005i007p00606}}

@article{Halliday1984,
	Author = {Halliday, Ian and Blackwell, Alan T. and Griffin, Arthur A.},
	Date-Added = {2015-10-13 16:03:16 +0000},
	Date-Modified = {2015-10-28 18:14:58 +0000},
	Doi = {10.1126/science.223.4643.1405},
	Eprint = {http://www.sciencemag.org/content/223/4643/1405.full.pdf},
	Journal = {Science},
	Number = {4643},
	Pages = {1405-1407},
	Title = {{The Frequency of Meteorite Falls on the Earth}},
	Volume = {223},
	Year = {1984},
	Bdsk-Url-1 = {http://www.sciencemag.org/content/223/4643/1405.abstract},
	Bdsk-Url-2 = {http://dx.doi.org/10.1126/science.223.4643.1405}}

@inproceedings{Allison1982,
	Adsnote = {Provided by the SAO/NASA Astrophysics Data System},
	Adsurl = {http://adsabs.harvard.edu/abs/1982LPSC...12.1703A},
	Author = {{Allison}, R.~J. and {McDonnell}, J.~A.~M.},
	Booktitle = {Lunar and Planetary Science Conference Proceedings},
	Date-Added = {2015-10-13 14:15:15 +0000},
	Date-Modified = {2015-10-13 14:15:36 +0000},
	Editor = {{Merrill}, R.~B. and {Ridings}, R.},
	Keywords = {Cratering, Lunar Rocks, Lunar Surface, Meteorite Craters, Micrometeorites, Particle Flux Density, Apollo Flights, Hypervelocity Impact, Solar Activity Effects, 12054, MOON, MICROCRATERS, SECONDARY CRATERS, TERTIARY CRATERS, CRATERS, MICROMETEOROIDS, DUST, CRATERING, TERRAIN, FLUX},
	Pages = {1703-1716},
	Series = {Lunar and Planetary Science Conference Proceedings},
	Title = {{Secondary cratering effects on lunar microterrain - Implications for the micrometeoroid flux}},
	Volume = 12,
	Year = 1982}

@article{Krick2012,
	Author = {Jessica E. Krick and William J. Glaccum and Sean J. Carey and Patrick J. Lowrance and Jason A. Surace and James G. Ingalls and Joseph L. Hora and William T. Reach},
	Date-Added = {2015-10-13 14:11:49 +0000},
	Date-Modified = {2015-10-13 14:39:54 +0000},
	Journal = {The Astrophysical Journal},
	Number = {1},
	Pages = {53},
	Title = {{A Spitzer IRAC Measure of the Zodiacal Light}},
	Volume = {754},
	Year = {2012},
	Bdsk-Url-1 = {http://stacks.iop.org/0004-637X/754/i=1/a=53}}

@article{Durmont1980,
	Adsnote = {Provided by the SAO/NASA Astrophysics Data System},
	Author = {{Levasseur-Regourd}, A.~C. and {Dumont}, R.},
	Date-Added = {2015-10-13 14:09:00 +0000},
	Date-Modified = {2015-10-13 14:41:23 +0000},
	Journal = {Astronomy and Astrophysics},
	Keywords = {Astronomical Photometry, Brightness, Zodiacal Light, Tables (Data)},
	Month = apr,
	Pages = {277-279},
	Title = {{Absolute photometry of zodiacal light}},
	Volume = 84,
	Year = 1980}

@article{Janches2015,
	Author = {D. Janches and S. Close and J. L. Hormaechea and N. Swarnalingam and A. Murphy and D. O'Connor and B. Vandepeer and B. Fuller and D. C. Fritts and C. Brunini},
	Date-Added = {2015-10-13 13:52:01 +0000},
	Date-Modified = {2015-10-13 13:52:23 +0000},
	Journal = {The Astrophysical Journal},
	Number = {1},
	Pages = {36},
	Title = {{The Southern Argentina Agile MEteor Radar Orbital System (SAAMER-OS): An Initial Sporadic Meteoroid Orbital Survey in the Southern Sky}},
	Url = {http://stacks.iop.org/0004-637X/809/i=1/a=36},
	Volume = {809},
	Year = {2015},
	Bdsk-Url-1 = {http://stacks.iop.org/0004-637X/809/i=1/a=36}}

@inbook{2004come.book..677S,
	Adsnote = {Provided by the SAO/NASA Astrophysics Data System},
	Adsurl = {http://adsabs.harvard.edu/abs/2004come.book..677S},
	Author = {{Sykes}, M.~V. and {Gr{\"u}n}, E. and {Reach}, W.~T. and {Jenniskens}, P.},
	Booktitle = {Comets II},
	Date-Added = {2015-10-06 15:29:26 +0000},
	Date-Modified = {2015-10-06 15:29:26 +0000},
	Editor = {{Festou}, M.~C. and {Keller}, H.~U. and {Weaver}, H.~A.},
	Pages = {677-693},
	Title = {{The interplanetary dust complex and comets}},
	Year = 2004}

@article{McNamara:2004aa,
	Author = {McNamara, H. and Jones, J. and Kauffman, B. and Suggs, R. and Cooke, W. and Smith, S.},
	Date-Added = {2015-09-06 15:25:22 +0000},
	Date-Modified = {2015-09-06 15:27:17 +0000},
	Issn = {0167-9295},
	Journal = {Earth, Moon, and Planets},
	Keywords = {Engineering model; interplanetary; sporadic meteoroids},
	Number = {1-4},
	Pages = {123-139},
	Publisher = {Springer Netherlands},
	Title = {Meteoroid Engineering Model {(MEM)}: A Meteoroid Model For The Inner Solar System},
	Volume = {95},
	Year = {2004}}

@article{Einstein:1918aa,
	Adsnote = {Provided by the SAO/NASA Astrophysics Data System},
	Adsurl = {http://adsabs.harvard.edu/abs/1918SPAW.......154E},
	Author = {{Einstein}, A.},
	Date-Added = {2015-08-28 19:32:23 +0000},
	Date-Modified = {2015-08-28 19:50:31 +0000},
	Journal = {Sitzungsberichte der Koniglich Preussischen Akademie der Wissenschaften (Berlin), Seite 154-167.},
	Pages = {154-167},
	Title = {{Uber Gravitationswellen}},
	Year = 1918}

@article{Grun1985,
	Author = {E. Gr{\"u}n and H.A. Zook and H. Fechtig and R.H. Giese},
	Date-Added = {2015-08-28 16:27:32 +0000},
	Date-Modified = {2015-08-28 16:27:48 +0000},
	Doi = {http://dx.doi.org/10.1016/0019-1035(85)90121-6},
	Issn = {0019-1035},
	Journal = {Icarus},
	Number = {2},
	Pages = {244 - 272},
	Title = {Collisional balance of the meteoritic complex},
	Url = {http://www.sciencedirect.com/science/article/pii/0019103585901216},
	Volume = {62},
	Year = {1985},
	Bdsk-Url-1 = {http://www.sciencedirect.com/science/article/pii/0019103585901216},
	Bdsk-Url-2 = {http://dx.doi.org/10.1016/0019-1035(85)90121-6}}
	
@article{Thorpe:2015cxa,
	Archiveprefix = {arXiv},
	Author = {Thorpe, James Ira and Parvini, Cameron and Trigo-Rodriguez, Josep},
	Date-Added = {2017-09-26 15:07:45 +0000},
	Date-Modified = {2017-09-26 15:07:45 +0000},
	Doi = {10.1051/0004-6361/201527658},
	Eprint = {1510.06374},
	Journal = {Astron. Astrophys.},
	Pages = {A107},
	Primaryclass = {astro-ph.EP},
	Slaccitation = {%%CITATION = ARXIV:1510.06374;%%},
	Title = {{Detection and measurement of micrometeoroids with LISA Pathfinder}},
	Volume = {586},
	Year = {2016},
	Bdsk-Url-1 = {http://dx.doi.org/10.1051/0004-6361/201527658}}

@article{Thorpe2017a,
	Author = {J.I. Thorpe and T.B. Littenberg and J. Baker and J. Slutsky and for the The LISA Pathfinder Team},
	Date-Added = {2017-09-26 15:05:55 +0000},
	Date-Modified = {2017-09-26 15:06:18 +0000},
	Journal = {Journal of Physics: Conference Series},
	Number = {1},
	Pages = {012007},
	Title = {LISA Pathfinder as a Micrometeoroid Instrument},
	Url = {http://stacks.iop.org/1742-6596/840/i=1/a=012007},
	Volume = {840},
	Year = {2017},
	Bdsk-Url-1 = {http://stacks.iop.org/1742-6596/840/i=1/a=012007}}

@article{LPF_PRL_2018,
  title = {Beyond the Required LISA Free-Fall Performance: New LISA Pathfinder Results down to $20\text{ }\text{ }\ensuremath{\mu}\mathrm{Hz}$},
  author = {Armano, M. and Audley, H. and Baird, J. and Binetruy, P. and Born, M. and Bortoluzzi, D. and Castelli, E. and Cavalleri, A. and Cesarini, A. and Cruise, A. M. and Danzmann, K. and de Deus Silva, M. and Diepholz, I. and Dixon, G. and Dolesi, R. and Ferraioli, L. and Ferroni, V. and Fitzsimons, E. D. and Freschi, M. and Gesa, L. and Gibert, F. and Giardini, D. and Giusteri, R. and Grimani, C. and Grzymisch, J. and Harrison, I. and Heinzel, G. and Hewitson, M. and Hollington, D. and Hoyland, D. and Hueller, M. and Inchausp\'e, H. and Jennrich, O. and Jetzer, P. and Karnesis, N. and Kaune, B. and Korsakova, N. and Killow, C. J. and Lobo, J. A. and Lloro, I. and Liu, L. and L\'opez-Zaragoza, J. P. and Maarschalkerweerd, R. and Mance, D. and Meshksar, N. and Mart\'{\i}n, V. and Martin-Polo, L. and Martino, J. and Martin-Porqueras, F. and Mateos, I. and McNamara, P. W. and Mendes, J. and Mendes, L. and Nofrarias, M. and Paczkowski, S. and Perreur-Lloyd, M. and Petiteau, A. and Pivato, P. and Plagnol, E. and Ramos-Castro, J. and Reiche, J. and Robertson, D. I. and Rivas, F. and Russano, G. and Slutsky, J. and Sopuerta, C. F. and Sumner, T. and Texier, D. and Thorpe, J. I. and Vetrugno, D. and Vitale, S. and Wanner, G. and Ward, H. and Wass, P. J. and Weber, W. J. and Wissel, L. and Wittchen, A. and Zweifel, P.},
  journal = {Phys. Rev. Lett.},
  volume = {120},
  issue = {6},
  pages = {061101},
  numpages = {7},
  year = {2018},
  month = {Feb},
  publisher = {American Physical Society},
  doi = {10.1103/PhysRevLett.120.061101},
  url = {https://link.aps.org/doi/10.1103/PhysRevLett.120.061101}
}


@ARTICLE{LPF_PRL_2016,
       author = {{Armano}, M. and {Audley}, H. and {Auger}, G. and {Baird}, J.~T. and
        {Bassan}, M. and {Binetruy}, P. and {Born}, M. and {Bortoluzzi},
        D. and {Brandt}, N. and {Caleno}, M. and {Carbone}, L. and
        {Cavalleri}, A. and {Cesarini}, A. and {Ciani}, G. and
        {Congedo}, G. and {Cruise}, A.~M. and {Danzmann}, K. and {de
        Deus Silva}, M. and {De Rosa}, R. and {Diaz-Aguil{\'o}}, M. and
        {Di Fiore}, L. and {Diepholz}, I. and {Dixon}, G. and {Dolesi},
        R. and {Dunbar}, N. and {Ferraioli}, L. and {Ferroni}, V. and
        {Fichter}, W. and {Fitzsimons}, E.~D. and {Flatscher}, R. and
        {Freschi}, M. and {Garc{\'\i}a Mar{\'\i}n}, A.~F. and
        {Garc{\'\i}a Marirrodriga}, C. and {Gerndt}, R. and {Gesa}, L.
        and {Gibert}, F. and {Giardini}, D. and {Giusteri}, R. and
        {Guzm{\'a}n}, F. and {Grado}, A. and {Grimani}, C. and
        {Grynagier}, A. and {Grzymisch}, J. and {Harrison}, I. and
        {Heinzel}, G. and {Hewitson}, M. and {Hollington}, D. and
        {Hoyland}, D. and {Hueller}, M. and {Inchausp{\'e}}, H. and
        {Jennrich}, O. and {Jetzer}, P. and {Johann}, U. and
        {Johlander}, B. and {Karnesis}, N. and {Kaune}, B. and
        {Korsakova}, N. and {Killow}, C.~J. and {Lobo}, J.~A. and
        {Lloro}, I. and {Liu}, L. and {L{\'o}pez-Zaragoza}, J.~P. and
        {Maarschalkerweerd}, R. and {Mance}, D. and {Mart{\'\i}n}, V.
        and {Martin-Polo}, L. and {Martino}, J. and {Martin-Porqueras},
        F. and {Madden}, S. and {Mateos}, I. and {McNamara}, P.~W. and
        {Mendes}, J. and {Mendes}, L. and {Monsky}, A. and {Nicolodi},
        D. and {Nofrarias}, M. and {Paczkowski}, S. and {Perreur-Lloyd},
        M. and {Petiteau}, A. and {Pivato}, P. and {Plagnol}, E. and
        {Prat}, P. and {Ragnit}, U. and {Ra{\"\i}s}, B. and {Ramos-
        Castro}, J. and {Reiche}, J. and {Robertson}, D.~I. and
        {Rozemeijer}, H. and {Rivas}, F. and {Russano}, G. and
        {Sanju{\'a}n}, J. and {Sarra}, P. and {Schleicher}, A. and
        {Shaul}, D. and {Slutsky}, J. and {Sopuerta}, C.~F. and
        {Stanga}, R. and {Steier}, F. and {Sumner}, T. and {Texier}, D.
        and {Thorpe}, J.~I. and {Trenkel}, C. and {Tr{\"o}bs}, M. and
        {Tu}, H.~B. and {Vetrugno}, D. and {Vitale}, S. and {Wand}, V.
        and {Wanner}, G. and {Ward}, H. and {Warren}, C. and {Wass},
        P.~J. and {Wealthy}, D. and {Weber}, W.~J. and {Wissel}, L. and
        {Wittchen}, A. and {Zambotti}, A. and {Zanoni}, C. and
        {Ziegler}, T. and {Zweifel}, P.},
        title = "{Sub-Femto-g Free Fall for Space-Based Gravitational Wave Observatories:
        LISA Pathfinder Results}",
      journal = {\prl},
         year = 2016,
        month = Jun,
       volume = {116},
          doi = {10.1103/PhysRevLett.116.231101},
       adsurl = {https://ui.adsabs.harvard.edu/#abs/2016PhRvL.116w1101A},
      adsnote = {Provided by the SAO/NASA Astrophysics Data System}
}


@article{Robertson13,
	Author = {D I Robertson and E D Fitzsimons and C J Killow and M Perreur-Lloyd and H Ward and J Bryant and A M Cruise and G Dixon and D Hoyland and D Smith and J Bogenstahl},
	Journal = {Classical and Quantum Gravity},
	Number = {8},
	Pages = {085006},
	Title = {Construction and testing of the optical bench for LISA Pathfinder},
	Volume = {30},
	Year = {2013}}

@article{Lange1964,
	Author = {Lange, Benjamin},
	Journal = {AIAA Journal},
	Month = {2013/03/19},
	Number = {9},
	Pages = {1590--1606},
	Title = {The Drag-Free Satellite},
	Volume = {2},
	Year = {1964}}

@article{DeBra1997,
	Author = {Daniel B DeBra},
	Journal = {Classical and Quantum Gravity},
	Number = {6},
	Pages = {1549},
	Title = {Drag-free spacecraft as platforms for space missions and fundamental physics},
	Volume = {14},
	Year = {1997}}

@article{Audley2011,
	Author = {H Audley and K Danzmann and A Garcia Marin and G Heinzel and A Monsky and M Nofrarias and F Steier and D Gerardi and R Gerndt and G Hechenblaikner and U Johann and P Luetzow-Wentzky and V Wand and F Antonucci and M Armano and G Auger and M Benedetti and P Binetruy and C Boatella and J Bogenstahl and D Bortoluzzi and P Bosetti and M Caleno and A Cavalleri and M Cesa and M Chmeissani and G Ciani and A Conchillo and G Congedo and I Cristofolini and M Cruise and F De Marchi and M Diaz-Aguilo and I Diepholz and G Dixon and R Dolesi and J Fauste and L Ferraioli and D Fertin and W Fichter and E Fitzsimons and M Freschi and C Garc√≠a Marirrodriga and L Gesa and F Gibert and D Giardini and C Grimani and A Grynagier and B Guillaume and F Guzm√$\,^{\circ}$n and I Harrison and M Hewitson and D Hollington and J Hough and D Hoyland and M Hueller and J Huesler and O Jeannin and O Jennrich and P Jetzer and B Johlander and C Killow and X Llamas and I Lloro and A Lobo and R Maarschalkerweerd and S Madden and D Mance and I Mateos and P W McNamara and J Mendes and E Mitchell and D Nicolini and D Nicolodi and F Pedersen and M Perreur-Lloyd and A Perreca and E Plagnol and P Prat and G D Racca and B Rais and J Ramos-Castro and J Reiche and J A Romera Perez and D Robertson and H Rozemeijer and J Sanjuan and M Schulte and D Shaul and L Stagnaro and S Strandmoe and T J Sumner and A Taylor and D Texier and C Trenkel and D Tombolato and S Vitale and G Wanner and H Ward and S Waschke and P Wass and W J Weber and P Zweifel},
	Journal = {Classical and Quantum Gravity},
	Number = {9},
	Pages = {094003},
	Title = {The LISA Pathfinder interferometry‚ hardware and system testing},
	Volume = {28},
	Year = {2011}}



@techreport{GWstudy,
	Author = {K.A. Anderson and R.T. Stebbins and R. Weiss and E. Wright},
	Institution = {NASA},
	Month = {August},
	Title = {Gravitational-Wave Mission Concept Study Final Report},
	Year = {2012}}

@techreport{Thorpe2011a,
	Author = {J.I. Thorpe and J.G. Hagopian and J.D. Ward and K.A. Norman and S.M. Merkowitz},
	Institution = {NASA/GSFC},
	Month = {August},
	Number = {LISA-OATM-RPT-0001},
	Title = {Evaluation of a Candidate Actuator for the LISA Optical Tracking Mechansim},
	Year = {2011}}

@article{Hewitson2009,
	Author = {M Hewitson and M Armano and M Benedetti and J Bogenstahl and D Bortoluzzi and P Bosetti and N Brandt and A Cavalleri and G Ciani and I Cristofolini and M Cruise and K Danzmann and I Diepholz and R Dolesi and J Fauste and L Ferraioli and D Fertin and W Fichter and A Garc√≠a and C Garc√≠a and A Grynagier and F Guzm√$\,^{\circ}$n and E Fitzsimons and G Heinzel and D Hollington and J Hough and M Hueller and D Hoyland and O Jennrich and B Johlander and C Killow and A Lobo and D Mance and I Mateos and P W McNamara and A Monsky and D Nicolini and D Nicolodi and M Nofrarias and M Perreur-Lloyd and E Plagnol and G D Racca and J Ramos-Castro and D Robertson and J Sanjuan and M O Schulte and D N A Shaul and M Smit and L Stagnaro and F Steier and T J Sumner and N Tateo and D Tombolato and G Vischer and S Vitale and G Wanner and H Ward and S Waschke and V Wand and P Wass and W J Weber and T Ziegler and P Zweifel},
	Journal = {Classical and Quantum Gravity},
	Number = {9},
	Pages = {094003},
	Title = {Data analysis for the LISA Technology Package},
	Volume = {26},
	Year = {2009}}

@article{Antonucci2011,
	Author = {F Antonucci and M Armano and H Audley and G Auger and M Benedetti and P Binetruy and C Boatella and J Bogenstahl and D Bortoluzzi and P Bosetti and N Brandt and M Caleno and A Cavalleri and M Cesa and M Chmeissani and G Ciani and A Conchillo and G Congedo and I Cristofolini and M Cruise and K Danzmann and F De Marchi and M Diaz-Aguilo and I Diepholz and G Dixon and R Dolesi and N Dunbar and J Fauste and L Ferraioli and D Fertin and W Fichter and E Fitzsimons and M Freschi and A Garc√≠a Marin and C Garc√≠a Marirrodriga and R Gerndt and L Gesa and D Giardini and F Gibert and C Grimani and A Grynagier and B Guillaume and F Guzm√$\,^{\circ}$n and I Harrison and G Heinzel and M Hewitson and D Hollington and J Hough and D Hoyland and M Hueller and J Huesler and O Jeannin and O Jennrich and P Jetzer and B Johlander and C Killow and X Llamas and I Lloro and A Lobo and R Maarschalkerweerd and S Madden and D Mance and I Mateos and P W McNamara and J Mendes and E Mitchell and A Monsky and D Nicolini and D Nicolodi and M Nofrarias and F Pedersen and M Perreur-Lloyd and A Perreca and E Plagnol and P Prat and G D Racca and B Rais and J Ramos-Castro and J Reiche and J A Romera Perez and D Robertson and H Rozemeijer and J Sanjuan and A Schleicher and M Schulte and D Shaul and L Stagnaro and S Strandmoe and F Steier and T J Sumner and A Taylor and D Texier and C Trenkel and D Tombolato and S Vitale and G Wanner and H Ward and S Waschke and P Wass and W J Weber and P Zweifel},
	Journal = {Classical and Quantum Gravity},
	Number = {9},
	Pages = {094002},
	Title = {From laboratory experiments to LISA Pathfinder: achieving LISA geodesic motion},
	Volume = {28},
	Year = {2011}}

@article{Cavalleri2009,
	Author = {A Cavalleri and G Ciani and R Dolesi and M Hueller and D Nicolodi and D Tombolato and P J Wass and W J Weber and S Vitale and L Carbone},
	Journal = {Classical and Quantum Gravity},
	Number = {9},
	Pages = {094012},
	Title = {Direct force measurements for testing the LISA Pathfinder gravitational reference sensor},
	Volume = {26},
	Year = {2009}}

@article{Bondi1959,
	Author = {{Bondi}, H. and {Pirani}, F.~A.~E. and {Robinson}, I.},
	Journal = {Royal Society of London Proceedings Series A},
	Month = jun,
	Pages = {519-533},
	Title = {{Gravitational Waves in General Relativity. III. Exact Plane Waves}},
	Volume = 251,
	Year = 1959}

@inproceedings{Gwo98,
	Author = {{Gwo}, D.-H.},
	Booktitle = {Society of Photo-Optical Instrumentation Engineers (SPIE) Conference Series},
	Editor = {{J.~B.~Heaney \& L.~G.~Burriesci}},
	Month = sep,
	Pages = {136-142},
	Series = {Society of Photo-Optical Instrumentation Engineers (SPIE) Conference Series},
	Title = {{Ultraprecision bonding for cryogenic fused-silica optics}},
	Volume = 3435,
	Year = 1998}

@article{Michelson1887,
	Author = {A. Michelson and E. Morley},
	Journal = {American Journal of Science},
	Pages = {333-345},
	Title = {On the Relative Motion of the Earth and the Luminiferous Ether},
	Year = {1881}}

@article{Abromovici92,
	Author = {A. Abromovici and et al.},
	Journal = {Science},
	Pages = {325-333},
	Title = {The laser interferometer gravitational-wave observatory},
	Volume = {256},
	Year = {1992}}

@article{Weber60,
	Author = {J. Weber},
	Journal = {Physical Review},
	Number = {1},
	Pages = {306},
	Title = {Detection and Generation of Gravitational Waves},
	Volume = {117},
	Year = {1960}}

@article{Weber68,
	Author = {J. Weber},
	Journal = {Physical Review Letters},
	Number = {23},
	Pages = {1307},
	Title = {Gravitational-Wave-Detector Events},
	Volume = {20},
	Year = {1968}}

@article{Weber67,
	Author = {J. Weber},
	Journal = {Physical Review Letters},
	Number = {13},
	Pages = {498},
	Title = {Gravitational Radiation},
	Volume = {18},
	Year = {1967}}

@article{Weber66,
	Author = {J. Weber},
	Journal = {Physical Review Letters},
	Number = {24},
	Pages = {1228},
	Title = {Observation of the thermal fluctuations of a gravitational-wave detector},
	Volume = {17},
	Year = {1966}}

@article{Estabrook75,
	Author = {F.B. Estabrook and H. Wahlquist},
	Journal = {Gen. Rel. Grav.},
	Number = {5},
	Pages = {439-447},
	Title = {Response of Doppler Spacecraft Tracking to Gravitational Radiation},
	Volume = {6},
	Year = {1975}}

@article{Hellings78,
	Author = {R.W. Hellings},
	Journal = {Phys. Rev. D},
	Number = {12},
	Pages = {3158-3163},
	Title = {Testing relativistic theories of gravity with spacecraft-Doppler gravity-wave detection},
	Volume = {17},
	Year = {1978}}

@article{Lorek10,
	Author = {D. Lorek and C. Lammerzahl},
	Journal = {Phys. Rev. A},
	Number = {023621},
	Title = {Orientational atom interferometers sensitive to gravitational waves},
	Volume = {81},
	Year = {2010}}

@article{Bender11,
	Author = {P. Bender},
	Journal = {Gen. Rel. Grav.},
	Title = {Limitations of atom interferometry for gravitational wave observations in space},
	Volume = {43},
	Year = {2011}}

@article{Hohensee11,
	Author = {M. Hohensee and S. Lan and R. Houtz and C. Chan and B. Estey and G. Kim and P. Kuan and H. Muller},
	Journal = {Gen. Rel. Grav.},
	Pages = {1905-1930},
	Title = {Sources and technology for an atomic gravitational wave interferometric sensor},
	Volume = {43},
	Year = {2011}}

@article{Muller10,
	Author = {H. Muller and A. Peters and S. Chu},
	Journal = {Nature},
	Number = {18},
	Pages = {926-930},
	Title = {A precision measurement of the gravitational redshift by the interference of matter waves},
	Volume = {463},
	Year = {2010}}

@article{Hellings81,
	Author = {R.W. Hellings},
	Journal = {Phys. Rev. D},
	Number = {4},
	Pages = {832-843},
	Title = {Spacecraft-Doppler gravity-wave detection. I. Theory},
	Volume = {23},
	Year = {1981}}

@article{Kasevich92,
	Author = {M. Kasevich and S. Chu},
	Journal = {Applied Physics B},
	Pages = {321-332},
	Title = {Measurement of the Gravitational Acceleration of an Atom with a Light-Pulse Atom Interferometer},
	Volume = {54},
	Year = {1992}}

@article{Kasevich91,
	Author = {M. Kasevich and S. Chu},
	Journal = {Physical Review Letters},
	Month = {July},
	Number = {2},
	Pages = {181-184},
	Title = {Atomic Interferometry Using Stimulated Raman Transitions},
	Volume = {67},
	Year = {1991}}

@article{Larson2002,
	Author = {S.L. Larson and R.W. Hellings and W.A. Hiscock},
	Journal = {Phys. Rev. D},
	Number = {062001},
	Title = {Unequal arm space-borne gravitational wave detectors},
	Volume = {66},
	Year = {2002}}

@article{Larson2000,
	Author = {S.L. Larson and W.A. Hiscock and R.W. Hellings},
	Journal = {Phys. Rev. D},
	Number = {062001},
	Title = {Sensitivity curves for spaceborne gravitational wave interferometers},
	Volume = {62},
	Year = {2000}}

@article{Tinto98a,
	Author = {M. Tinto},
	Journal = {Phys. Rev. D},
	Number = {102001},
	Title = {Spacecraft to spacecraft coherent laser tracking as a xylophone interferometer detector of gravitational radiation},
	Volume = {58},
	Year = {1998}}

@article{Lenoir11,
	Author = {B. Lenoir and A. Levy and B. Foulon and B. Lamine and B. Christophe and S. Reynaud},
	Journal = {Advances in Space Research},
	Pages = {1248-1257},
	Title = {Electrostatic accelerometer with bias rejection for gravitation and Solar System Physics},
	Volume = {48},
	Year = {2011}}

@article{Wahlquist87,
	Author = {H. Wahlquist},
	Journal = {General Relativity and Gravitation},
	Number = {11},
	Title = {The Doppler Response to Gravitational Waves from a Binary Star Source},
	Volume = {19},
	Year = {1987}}

@article{Chiow11,
	Author = {S. Chiow, T. Kovachy, H. Chien, and M.A. Kasevich},
	Journal = {Physical Review Letters},
	Number = {130403},
	Title = {102$\hbar k$ Large Area Atom Interferometers},
	Volume = {107},
	Year = {2011}}

@article{Schmiedmayer11,
	Author = {J. Schmeidmayer and M. Arndt},
	Journal = {Physics},
	Number = {74},
	Title = {A viewpoint on 102hk Large Area Atom Interferometers},
	Volume = {4},
	Year = {2011}}

@electronic{Colpi09,
	Author = {M. Colpi and M. Dotti},
	Title = {Massive Binary Black Holes in the Cosmic Landscape}}

@electronic{Callegari11,
	Author = {S. Callegari and S. Kazantzidis and L. Mayer and M. Colpi and J. M. Bellovary and T. Quinn and J. Wadsley},
	Title = {Growing Massive Black Hole Pairs in Minor Mergers of Disk Galaxies}}

@article{Green11,
	Author = {K. Green and J. Burke and B. Oreb},
	Journal = {Materials Chemistry and Physics},
	Title = {Chemical Bonding of ultra low expansion glass substrates with aqueous NaOH solution},
	Year = {2011}}

@article{Hewitson_11,
	Author = {M. Hewitson and et al.},
	Journal = {Class. Quant. Grav.},
	Number = {094003},
	Title = {Data analysis for the LISA Technology Package},
	Volume = {26},
	Year = {2009}}

@article{Lobo_05,
	Author = {A. Lobo and M. Nofrarias and J. Sanjuan},
	Journal = {Class. Quant. Grav.},
	Pages = {S171-S176},
	Title = {Thermal diagnostics for LTP},
	Volume = {22},
	Year = {2005}}

@techreport{Norman_11,
	Author = {K.A. Norman},
	Institution = {Stinger Ghaffarian Technologies},
	Title = {Thermal Stability Model of the OATM Actuator Test Assembly},
	Year = {2011}}

@unpublished{ReqFlowdown,
	Author = {LISA Project},
	Month = {January},
	Note = {Issue 1, Rev. 2},
	Title = {{LISA} Measurement Requirements Flowdown Guide},
	Year = {2007}}

@electronic{Lang11,
	Author = {M. Lang and K. Holley-Bockelmann and T. Bogdanovic and P. Amaro-Seoane and A. Sesana},
	Title = {Can a satellite galaxy merger explain the active past of the galactic center}}

@article{Thorpe11,
	Author = {J.I. Thorpe and P.G. Maghami and J.C. Livas},
	Journal = {Phys. Rev. D},
	Number = {122002},
	Title = {Time domain simulations of arm locking in LISA},
	Volume = {83},
	Year = {2011}}

@article{Thorpe2008,
	Author = {James I. Thorpe and Sean T. McWilliams and Bernard J. Kelly and Richard P. Fahey and Keith A. Arnaud and John G. Baker},
	Journal = cqg,
	Pages = {094026},
	Title = {{LISA parameter estimation using numerical merger waveforms}},
	Volume = 26,
	Year = 2009}

@unpublished{McWilliams11,
	Author = {Sean T. McWilliams and Ryan N. Lang and John G. Baker and James I. Thorpe},
	Note = {{arXiv:1104.5650 [gr-qc]}},
	Title = {{Sky localization of complete inspiral-merger-ringdown signals for nonspinning massive black hole binaries}},
	Year = 2011}

@article{Estabrook2003,
	Author = {F.B. Estabrook and J.W. Armstrong and M. Tinto and W. Folkner},
	Journal = {Phys. Rev. D},
	Number = {062001},
	Title = {SyZyGy: A straight interferometric spacecraft system for gravity wave observations},
	Volume = {68},
	Year = {2003}}

@article{Schnittman2011,
	Author = {J.D. Schnittman},
	Journal = {Class. Quant. Grav.},
	Number = {094021},
	Title = {Electromagnetic Counterparts to Black Hole Mergers},
	Volume = {28},
	Year = {2011}}

@article{Sesana2007,
	Author = {A. Sesana and M. Volonteri and F. Haardt},
	Journal = {Mon. Not. R. Astron. Soc.},
	Pages = {1711--1716},
	Title = {The imprint of massive black hole formation models on the {LISA} data stream},
	Volume = {377},
	Year = {2007}}

@book{Stengel,
	Address = {New York, NY},
	Author = {Stengel,R.F.},
	Publisher = {John Wiley \& Sons},
	Title = {Stochastic Optimal Control: Theory and Application},
	Year = {1986}}

@book{Phillips_and_Nagle,
	Address = {Englewood Cliffs, NJ},
	Author = {Phillips, C.L. and Nagle, H.T.},
	Edition = {3rd},
	Publisher = {Prentice Hall},
	Title = {Digital System Analysis and Design},
	Year = {1995}}

@article{Stebbins09,
	Author = {R.T. Stebbins},
	Journal = {Class. Quant. Grav.},
	Number = {094014},
	Title = {Rightsizing LISA},
	Volume = {26},
	Year = {2009}}

@book{Thornton05,
	Author = {Thornton, C.L. and Border, J.S.},
	Publisher = {John Wiley \& Sons},
	Series = {Deep-space communications and navigation series},
	Title = {{Radiometric Tracking Techniques for Deep-Space Navigation}},
	Year = {2005}}

@booklet{ESA_Yellow_Book,
	Author = {O. Jennrich and et al.},
	Month = {February},
	Title = {{LISA}: Unveiling a hidden Universe},
	Year = {2011}}

@article{Heinzel11,
	Author = {G. Heinzel},
	Journal = {Class. Quant. Grav.},
	Title = {Auxiliary functions of the {LISA} laser link: ranging, clock noise transfer and data communication},
	Volume = {28},
	Year = {2011}}

@article{Cornish03,
	Author = {N.J. Cornish and L.J. Rubbo},
	Journal = {Physical Review D},
	Number = {022001},
	Title = {{LISA} response function},
	Volume = {67},
	Year = {2003}}

@article{Cornish15,
	Author = {N.J. Cornish and T.B. Littenberg},
	Journal = {Classical and Quantum Gravity},
	Number = {13},
	Title = {Bayeswave: Bayesian inference for gravitational wave bursts and instrument glitches},
	Volume = {32},
	Year = {2015}}

@article{Littenberg15,
	Author = {T.B. Littenberg and N.J. Cornish},
	Journal = {Physical Review D},
	Number = {084034},
	Title = {Bayesian inference for spectral estimation of gravitational wave detector noise},
	Volume = {91},
	Year = {2015}}

@book{Maciejowski89,
	Author = {J.M. Maciejowski},
	Publisher = {Addison-Wesley},
	Title = {Multivariable Feedback Design},
	Year = {1989}}

@article{Ressel10,
	Author = {S. Ressel and M. Gohlke and D. Rauen and T. Schuldt and W. Kronast and U. Mescheder and U. Johan and D. Weise and C. Braxmaier},
	Journal = {Applied Optics},
	Number = {22},
	Title = {Ultrastable assembly and integration technology for ground- and space-based optical systems},
	Volume = {49},
	Year = {2010}}

@article{Maghami03,
	Author = {P.G. Maghami and T.T. Hyde},
	Journal = {Class. Quant. Grav.},
	Number = {10},
	Pages = {S273-S282},
	Title = {Laser interferometer space antenna dynamics and controls model},
	Volume = {20},
	Year = {2003}}

@unpublished{AmaroSeoane07,
	Author = {P. Amaro-Seoane and J.R. Gain and M. Freitag and M.C. Miller and I. Mandel and C. Cutler and S. Babak},
	Note = {astro-ph/0703495v2},
	Title = {Intermediate and Extreme Mass-Ratio Inspirals - Astrophysics, Science Applications and Detection using LISA},
	Year = {2007}}

@unpublished{Pucacco10,
	Author = {G. Pucacco and M. Bassan},
	Note = {arXiv:1005.2976},
	Title = {Autonomous perturbations of LISA orbits}}

@article{Dimopoulos08a,
	Author = {S. Dimopoulos and P.W. Graham and J.M. Hogan and M.A. Kasevich},
	Journal = {Physical Review D},
	Pages = {042003},
	Title = {General relatavistic effects in atom interferometry},
	Volume = {78},
	Year = {2008}}

@article{Roura06,
	Author = {A. Roura and D.R. Brill and B.L. Hu and C.W. Misner and W.D. Phillips},
	Journal = {Physical Review D},
	Number = {084018},
	Title = {Gravitational wave detectors based on mater wave interferometrs (MIGO) are no better than laser interferometrs (LIGO)},
	Volume = {73},
	Year = {2006}}

@article{Dimopoulos08b,
	Author = {S. Dimopoulos and P.W. Graham and J.M. Hogan and M.A. Kasevich and S. Rajendran},
	Journal = {Physical Review D},
	Pages = {122002},
	Title = {Atomic gravitational wave interferometric sensor},
	Volume = {78},
	Year = {2008}}

@unpublished{Ferraioli10,
	Author = {L. Ferraioli and M. Hueller and S. Vitale and G. Heinzel and M. Hewitson and A. Monsky and M. Nofrarias},
	Note = {arXiv:1006.0138v1},
	Title = {Calibrating spectral estimation for the LISA Technology Package with multichannel synthetic noise generation}}

@article{Mitryk10,
	Author = {S. Mitryk and V. Wand and G. Mueller},
	Journal = {Class. Quant. Grav.},
	Number = {084012},
	Title = {Verification of time-delay interferometry techniques using the University of Florida LISA interferometry simulator},
	Volume = {27},
	Year = {2010}}

@article{Timpano06,
	Author = {S.E. Timpano and L.J. Rubbo and N.J. Cornish},
	Journal = {Physical Review D},
	Number = {122001},
	Title = {Characterizing the galactic gravitational wave background with {LISA}},
	Volume = {73},
	Year = {2006}}

@article{Tinto_05,
	Author = {M. Tinto and M. Vallisneri and J.W. Armstrong},
	Journal = {Physical Review D},
	Number = {041101(R)},
	Title = {Time-delay interferometric ranging for space-borne gravitational-wave detectors},
	Volume = {71},
	Year = {2005}}

@article{Tinto_04,
	Author = {M. Tinto and F.B. Estabrook and J.W. Armstrong},
	Journal = {Physical Review D},
	Pages = {082001},
	Title = {Time delay interferometry with moving spacecraft arrays},
	Volume = {69},
	Year = {2004}}

@article{Vallisneri_05,
	Author = {M. Vallisneri},
	Journal = {Physical Review D},
	Number = {022001},
	Title = {Synthetic {LISA}: Simulating time delay interferometry in a model {LISA}},
	Volume = {71},
	Year = {2005}}

@article{Lam_10,
	Author = {T.T.Y. Lam and B.J.J. Slagmolen and J.H. Chow and I.C.M. Littler and D.E. McClelland and D.A. Shaddock},
	Journal = {IEEE Journal of Quantum Electronics},
	Number = {8},
	Pages = {1178-1183},
	Title = {Digital Laser Frequency Stabilization Using an Optical Cavity},
	Volume = {46},
	Year = {2010}}

@article{deVine_10,
	Author = {G. de Vine and B. Ware and K. McKenzie and R.E. Spero and W. Klipstein and D.A. Shaddock},
	Journal = {Physical Review Letters},
	Number = {211103},
	Title = {Experimental Demonstration of Time-Delay Interferometry for the Laser Interferometer Space Antenna},
	Volume = {104},
	Year = {2010}}

@article{Thorpe10,
	Author = {J.I. Thorpe},
	Journal = {Class. Quant. Grav.},
	Number = {084008},
	Title = {{LISA} long-arm interferometry},
	Volume = {27},
	Year = {2010}}

@article{Ferraioli_09,
	Author = {L. Ferraioli and M. Hueller and S. Vitale},
	Journal = {Class. Quant. Grav.},
	Number = {094013},
	Title = {Discrete Derivative Estimation in LISA Pathfinder Data Reduction},
	Volume = {26},
	Year = {2009}}

@article{Guzman_08,
	Author = {F. Guzman Cervantes and F. Steier and G. Wanner and G. Heinzel and K. Danzmann},
	Journal = {Applied Physics B},
	Title = {Subtraction of test mass angular noise in the LISA technology package interferometer},
	Year = {2008}}

@phdthesis{Thorpe_Thesis,
	Author = {J.I. Thorpe},
	School = {University of Florida},
	Title = {Laboratory studies of arm-locking using the laser interferometer space antenna simulator at the University of Florida},
	Year = {2006}}

@article{Trobs06,
	Author = {M. Tr$\ddot{o}$bs and P. We$\beta$els and C. Fallnich and M. Bode and I. Freitag and S. Skorupka and G. Heinzel and K. Danzmann},
	Journal = {Class. Quant. Grav.},
	Pages = {S151-S158},
	Title = {Laser development for LISA},
	Volume = {23},
	Year = {2006}}

@article{Trobs05,
	Author = {M. Tr$\ddot{o}$bs and P. We$\beta$els and C. Fallnich},
	Journal = {Optics Express},
	Number = {6},
	Title = {Power- and frequency-noise characteristics of an Yb-doped fiber amplifier and actuators for stabilization},
	Volume = {13},
	Year = {2005}}

@article{Krolak_04,
	Author = {A. Krolak and M. Tinto and M. Vallisneri},
	Journal = {Physical Review D},
	Number = {022003},
	Title = {Optimal Filtering of the LISA data},
	Volume = {70},
	Year = {2004}}

@article{Lang08,
	Author = {R.N. Lang and S.A. Hughes},
	Journal = {The Astrophysical Journal},
	Number = {1184-1200},
	Title = {Localizing Coalescing Massive Black Hole Binaries with Gravitational Waves},
	Volume = {677},
	Year = {2008}}

@article{Lang06,
	Author = {R.N. Lang and S.A. Hughes},
	Journal = {Physical Review D},
	Number = {122001},
	Title = {Measuring coalescing massive binary black holes with gravitational waves: The impact of spin-induced precession},
	Volume = {74},
	Year = {2006}}

@article{Kocsis08,
	Author = {B. Kocsis and Z. Haiman and K. Menou},
	Journal = {The Astrophysical Journal},
	Pages = {870-887},
	Title = {Premerger localization of gravitational-wave standard sirens with LISA: Triggered search for an electromagnetic counterpart},
	Volume = {684},
	Year = {2008}}

@article{Kocsis07,
	Author = {B. Kocsis and Z. Haiman and K. Menou and Z. Frei},
	Journal = {Physical Review D},
	Number = {022003},
	Title = {Premerger localization of gravitational-wave standard sirens with LISA: Harmonic mode decomposition},
	Volume = {76},
	Year = {2007}}

@article{Arun07,
	Author = {K.G. Arun and B.R. Iyer and B.S. Sathyaprakash and S. Sinha and V. Van Den Broeck},
	Journal = {Physical Review D},
	Number = {104016},
	Title = {Higher signal harmonics, LISA's angular resolution, and dark energy},
	Volume = {76},
	Year = {2007}}

@article{Tinto_03,
	Author = {M. Tinto and D.A. Shaddock and J. Sylvestre and J.W. Armstrong},
	Journal = {Physical Review D},
	Number = {122003},
	Title = {Implementation of time-delay interferometry for LISA},
	Volume = {67},
	Year = {2003}}

@article{Tinto_02,
	Author = {M. Tinto and F.B. Estabrook and J.W. Armstrong},
	Journal = {Physical Review D},
	Number = {082003},
	Title = {Time-delay interferometry for LISA},
	Volume = {65},
	Year = {2002}}

@article{Estabrook_2000,
	Author = {F.B. Estabrook and M. Tinto and J.W. Armstrong},
	Journal = {Physical Review D},
	Number = {042002},
	Title = {Time-delay analysis of LISA gravitational wave data: Elimination of spacecraft motion effects},
	Volume = {62},
	Year = {2000}}

@article{Armstrong_99,
	Author = {J.W. Armstrong and F.B. Estabrook and M. Tinto},
	Journal = {The Astrophysical Journal},
	Pages = {814-826},
	Title = {Time-delay interferometry for space-based graviational wave searches},
	Volume = {527},
	Year = {1999}}

@article{McNamara_05,
	Author = {P. McNamara},
	Journal = {Class. Quant. Grav.},
	Pages = {S243-S247},
	Title = {Weak-light phase locking for LISA},
	Volume = {22},
	Year = {2005}}

@unpublished{McWilliams_GWbranes,
	Author = {S.T. McWilliams},
	Note = {gr-qc 0912.4744v1},
	Title = {Constraining the braneworld with gravitational wave observations},
	Year = {2009}}

@article{Krolik_10,
	Author = {J. H. Krolik},
	Journal = {The Astrophysical Journal},
	Month = {February},
	Pages = {774-779},
	Title = {Estimating the Prompt Electromagnetic Luminosity of a Black Hole Merger},
	Volume = {709},
	Year = {2010}}

@electronic{Porter_10,
	Author = {E.K. Porter},
	Title = {An Overview of {LISA} Data Analysis Algorithims}}

@article{Skettrup_00,
	Author = {T. Skettrup and T. Meelby and K. Faerch and S. L. Frederiksen and C. Pederson},
	Journal = {Applied Optics},
	Number = {24},
	Pages = {4306-4312},
	Title = {Triangular laser resonators with astigmatic compensation},
	Volume = {39},
	Year = {2000}}

@article{Hauck_80,
	Author = {R. Hauck and H.P. Kortz and H. Weber},
	Journal = {Applied Optics},
	Pages = {598-601},
	Title = {Misalignment sensitivity of optical resonators},
	Volume = {19},
	Year = {1980}}

@article{Baker_07,
	Author = {J.G. Baker and S.T. McWilliams and J.R. van Meter and J. Centrella and D. Choi and B.J. Kelly and M. Koppitz},
	Journal = {Physical Review D},
	Number = {124024},
	Title = {Binary black hole late inspiral: Simulations for gravitational wave observations},
	Volume = {75},
	Year = {2007}}

@article{Finn_93,
	Author = {L.S. Finn and D.F. Chernoff},
	Journal = {Physical Review D},
	Number = {6},
	Title = {Observing binary inspiral in gravitational radiation: One interferometer},
	Volume = {47},
	Year = {1993}}

@article{Cutler_94,
	Author = {C. Cutler and E.E. Flanagan},
	Journal = {Physical Review D},
	Number = {6},
	Title = {Gravitational waves from merging compact binaries: How accurately can one extract the binary's parameters form the inspiral waveform?},
	Volume = {49},
	Year = {1994}}

@article{Cornish_03,
	Author = {N.J. Cornish and R.W. Hellings},
	Journal = {Class. Quant. Grav.},
	Number = {4851-4860},
	Title = {The effects of orbital motion on LISA time delay interferometry},
	Volume = {20},
	Year = {2003}}

@article{Barack_04,
	Author = {L. Barack and C. Cutler},
	Journal = {Physical Review D},
	Number = {122002},
	Title = {Confusion noise from LISA capture sources},
	Volume = {70},
	Year = {2004}}

@article{McWilliams_10,
	Author = {S.T. McWilliams and J.I. Thorpe and J.G. Baker and B.J. Kelly},
	Journal = {Physical Review D},
	Number = {064014},
	Title = {The impact of mergers on LISA parameter estimation for nonspinning black hole binaries},
	Volume = {81},
	Year = {2010}}

@article{Cirillo_09,
	Author = {F. Cirillo and P.F. Gath},
	Journal = {Journal of Physics: Conference Series},
	Number = {012014},
	Title = {Control System Design for the Constellation Acquisition Phase of the LISA Mission},
	Volume = {154},
	Year = {2009}}

@article{Maghami_05,
	Author = {P.G. Maghami and T.T. Hyde and J. Kim},
	Journal = {Class. Quant. Grav.},
	Number = {S241-S428},
	Title = {An acquisition control for the laser interferometer space antenna},
	Volume = {22},
	Year = {2005}}

@article{Bromm_03,
	Author = {V. Bromm and A. Loeb},
	Journal = {The Astrophysical Journal},
	Number = {34-46},
	Title = {Formation of the first supermassive black holes},
	Volume = {596},
	Year = {2003}}

@article{Sesana_04,
	Author = {A. Sesana and F. Haardt and P. Madau and M. Volonteri},
	Journal = {The Astrophysical Journal},
	Number = {623-632},
	Title = {Low-frequency gravitational radiation from coalescing massive black hole binaries in hierarchical cosmologies},
	Volume = {611},
	Year = {2004}}

@article{Volonteri_03,
	Author = {M. Volonteri and F. Haardt and P. Madau},
	Journal = {The Astrophysical Journal},
	Number = {559-573},
	Title = {The assembly and merging history of supermassive black holes in hierarchical models of galaxy formation},
	Volume = {582},
	Year = {2003}}

@article{Milosavljevic_05,
	Author = {M. Milosavljevic_05},
	Journal = {The Astrophysical Journal},
	Number = {L93-L96},
	Title = {The afterglow of massive black hole coalescence},
	Volume = {622},
	Year = {2005}}

@article{Holz_05,
	Author = {D.E. Holz and S.A. Hughes},
	Journal = {The Astrophysical Journal},
	Number = {22},
	Title = {Using Gravitational-Wave Standard Sirens},
	Volume = {15},
	Year = {2005}}

@article{Hughes_08,
	Author = {S.P. Hughes},
	Journal = {Journal of Guidance, Control, and Dynamics},
	Number = {2},
	Title = {General Method for Optimal Guidance of Spacecraft Formations},
	Volume = {31},
	Year = {2008}}

@article{McNamara_08,
	Author = {P. McNamara and S. Vitale and K. Danzmann},
	Journal = {Class. Quant. Grav.},
	Pages = {114034},
	Title = {{LISA} Pathfinder},
	Volume = {25},
	Year = {2008}}

@conference{Klipstein_06,
	Author = {W. Klipstein and P.G. Halverson and R. Peters and R. Cruz and D.A. Shaddock},
	Booktitle = {Laser Interferometer Space Antenna: 6th International LISA Symposium},
	Editor = {S.M. Merkowitz and J.C. Livas},
	Pages = {312-318},
	Title = {Clock Noise Removal in {LISA}},
	Volume = {873},
	Year = {2006}}

@conference{Hughes_06,
	Author = {S.A. Hughes},
	Booktitle = {Laser Interferometer Space Antenna: 6th International LISA Symposium},
	Editor = {S.M. Merkowitz and J.C. Livas},
	Pages = {13-20},
	Title = {A brief survey of {LISA} sources and science},
	Volume = {873},
	Year = {2006}}

@article{Conti_03,
	Author = {L. Conti and M. De Rosa and F. Marin},
	Journal = {JOSA B},
	Number = {3},
	Pages = {462-468},
	Title = {High-spectral-purity laser system for the AURIGA detector optical readout},
	Volume = {20},
	Year = {2003}}

@article{Steier_09,
	Author = {F. Steier and F. Guzman Cervantes and A.F. Garcia Marin and D. Gerardi and G. Heinzel and K. Danzmann},
	Journal = {Class. Quant. Grav.},
	Number = {094010},
	Title = {The end-to-end testbed of the optical metrology system on-board {LISA} pathfinder},
	Volume = {26},
	Year = {2009}}

@article{Esteban_09,
	Author = {J.J. Esteban Delgado and I. Bykov and A.F. Garcia Marin and G. Heinzel and K. Danzmann},
	Journal = {Journal of Physics: Conference Series},
	Number = {012025},
	Title = {Optical ranging and data transfer development for {LISA}},
	Volume = {154},
	Year = {2009}}

@article{Bykov_09,
	Author = {I. Bykov and J.J. Esteban Delgado and A.F. Garcia Marin and G. Heinzel and K. Danzmann},
	Journal = {Journal of Physics: Conference Series},
	Number = {012017},
	Title = {{LISA} phasemeter development: Advanced prototyping},
	Volume = {154},
	Year = {2009}}

@article{Elliffe_05,
	Author = {E. Elliffe and et al.},
	Journal = {Class. Quant. Grav.},
	Pages = {S257-67},
	Title = {Hydroxide-catalysis bonding for stable optical systems for space},
	Volume = {22},
	Year = {2005}}

@conference{Killow_06,
	Author = {C. Killow and et al.},
	Booktitle = {Proceedings of the Sixth International LISA Symposium},
	Editor = {S.M. Merkowitz and J.C. Livas},
	Pages = {297-303},
	Title = {Construction of the LTP Optical Bench Interferometer},
	Volume = {873},
	Year = {2006}}

@article{Numata_10,
	Author = {K. Numata},
	Journal = {Journal of Physics: Conference Series},
	Title = {Fiber laser development for {LISA}},
	Year = {2010}}

@article{Trobs_09,
	Author = {M. Tr$\ddot{o}$bs and S. Barke and J. M$\ddot{o}$bius and M. Engelbrecht and D. Kracht and L.d'Arcio and G. Heinzel and K. Danzmann},
	Journal = {Journal of Physics: Conference Series},
	Number = {012016},
	Title = {Lasers for {LISA}: overview and phase characteristics},
	Volume = {154},
	Year = {2009}}

@article{Armano_09,
	Author = {M. Armano and et al.},
	Journal = {Class. Quant. Grav.},
	Number = {094001},
	Title = {{LISA} Pathfinder: the experiment and the route to {LISA}},
	Volume = {26},
	Year = {2009}}

@article{Shaddock_08,
	Author = {D.A. Shaddock},
	Journal = {Class. Quant. Grav.},
	Number = {114012},
	Title = {Space-based gravitational wave detection with {LISA}},
	Volume = {25},
	Year = {2008}}

@techreport{Shaddock_09,
	Author = {D.A. Shaddock and et al.},
	Institution = {Laser Interferometer Space Antenna},
	Number = {LISA-JPL-TN-823},
	Title = {{LISA} Frequency Control White Paper},
	Type = {LISA Project technical note},
	Year = {2009}}

@article{Thorpe_08,
	Author = {J.I. Thorpe and J.C. Livas and K. Numata},
	Journal = {Optics Express},
	Number = {20},
	Pages = {15980-15990},
	Title = {Laser frequency stabilization and control through offset sideband locking to optical cavities},
	Volume = {16},
	Year = {2008}}

@article{Sheard_05,
	Author = {B.S. Sheard and M.B. Gray and D.A. Shaddock and D.E. McClelland},
	Journal = {Class. Quant. Grav.},
	Number = {S221-S226},
	Title = {Laser frequency noise supression by arm locking in {LISA}: progress towards a bench-top demonstration},
	Volume = {22},
	Year = {2005}}

@article{Marin_05,
	Author = {A.F. Garcia Marin and G. Heinzel and R. Schilling and V. Wand and F. Guzman Cervantes and F. Steier and O. Jennrich and A. Wiedner and K. Danzmann},
	Journal = {Class. Quant. Grav.},
	Pages = {S235-S242},
	Title = {Laser Phase Locking to a {LISA} Arm: Experimental Approach},
	Volume = {22},
	Year = {2005}}

@article{Wand_09,
	Author = {V. Wand and Y. Yu and S. Mitryk and D. Sweeney and A. Preston and D. Tanner and G. Mueller and J.I. Thorpe and J.C. Livas},
	Journal = {Journal of Physics: Conference Series},
	Number = {012024},
	Title = {Implementation of Armlocking with a delay of 1 second in the presence of Doppler shifts},
	Volume = {154},
	Year = {2009}}

@conference{Maghami_09,
	Author = {P.G. Maghami and J.I. Thorpe and J.C. Livas},
	Booktitle = {Proceedings of the SPIE Symposium on Advanced Wavefront Control:methods, Devices, and Applications VIII},
	Month = {August},
	Organization = {SPIE},
	Pages = {M1-M11},
	Title = {Arm Locking for the Laser Interferometer Space Antenna},
	Volume = {7466},
	Year = {2009}}

@article{Sutton_08,
	Author = {A. Sutton and D.A. Shaddock},
	Journal = {Physical Review D},
	Number = {082001},
	Title = {Laser Frequency Stabilization by dual arm locking for {LISA}},
	Volume = {78},
	Year = {2008}}

@jurthesis{Sutton_Bachelors,
	Author = {A. Sutton},
	School = {The Australian National University},
	Title = {Laser Frequency Stabi{LISA}tion by Dual Arm Locking for the {LISA} Gravitational Wave Detector},
	Year = {2007}}

@phdthesis{Steier_Thesis,
	Author = {F. Steier},
	School = {University of Hannover},
	Title = {Interferometry techniques for spaceborne gravitational wave detectors},
	Year = {2008}}

@phdthesis{Heinzel_Thesis,
	Author = {G. Heinzel},
	School = {University of Hannover},
	Title = {Advanced optical techniques for laser-interferometric gravitational-wave detectors},
	Year = {1999}}

@phdthesis{McNamara_Thesis,
	Author = {P. McNamara},
	School = {University of Glasgow},
	Title = {Development of Optical Techniques for Space-Borne Laser Interferometric Gravitational Wave Detectors},
	Year = {1998}}

@phdthesis{Cruz_Thesis,
	Author = {R. Cruz},
	School = {University of Florida},
	Title = {Development of the UF {LISA} Benchtop Simulator for Time Delay Interferometry},
	Year = {2006}}

@phdthesis{Wand_Thesis,
	Author = {V. Wand},
	School = {University of Hannover},
	Title = {Interferometry at low frequencies: optical phase measurement for {LISA} and {LISA} Pathfinder},
	Year = {2007}}

@article{Trobs_06,
	Author = {M. Tr$\ddot{o}$bs and G. Heinzel},
	Journal = {Measurement},
	Pages = {120-129},
	Title = {Improved spectrum estimation from digitized time series on a logarithmic frequency axis},
	Volume = {39},
	Year = {2006}}

@article{Webster_08,
	Author = {S.A. Webster and M. Oxborrow and S. Pugla and J. Millo and P. Gill},
	Journal = {Physical Review A},
	Pages = {033847},
	Title = {Thermal-noise limited optical cavity},
	Volume = {77},
	Year = {2008}}

@conference{Trobs_02,
	Author = {M. Tr$\ddot{o}$bs and M. Hunnekuhl and P. Burdack and U. Hinze and C. Fallnich},
	Booktitle = {Advance Solid-State Lasers Conference},
	Organization = {Optical Society of America},
	Pages = {492-494},
	Title = {Beat measurements of single-frequency lasers independently frequency-locked to thermally shielded high-finesse cavities},
	Year = {2002}}

@article{Winkler_91,
	Author = {W. Winkler and K. Danzmann and A Rudiger and R. Schilling},
	Journal = {Physical Review A},
	Number = {11},
	Title = {Hearting by optical absorption and the performance of interferometric gravitational-wave detectors},
	Volume = {44},
	Year = {1991}}

@article{Musha_00,
	Author = {M. Musha and T. Kanaya and K. Nakagawa and K. Ueda},
	Journal = {Optics Communications},
	Number = {3},
	Pages = {165-173},
	Title = {The short- and long-term frequency stabilization of an injection-locked Nd:YAG laser in reference to a Fabry-Perot cavity and an iodine saturated absorption line},
	Volume = {18},
	Year = {2000}}

@article{Leonhardt_06,
	Author = {V. Leonhardt and J. Camp},
	Journal = {Applied Optics},
	Number = {17},
	Pages = {4142-4146},
	Title = {Space interferometry application of laser frequency stabilization with molecular iodine},
	Volume = {45},
	Year = {2006}}

@article{Ludlow_07,
	Author = {A.D. Ludlow and X Huang and M Notcutt and T. Zannon-Willette and S.M. Foreman and M.M. Boyd and S. Blatt and J. Ye},
	Journal = {Optics Letters},
	Number = {6},
	Pages = {641-643},
	Title = {Compact, thermal-noise-limited optical cavity for diode laser stabilization at $1\times 10^{-15}$},
	Volume = {32},
	Year = {2007}}

@article{Alnis_08,
	Author = {J. Alnis and A. Matveev and N. Kolachevsky and Th. Udem and T.W. Hansch},
	Journal = {Physical Review A},
	Pages = {053809},
	Title = {SUbhertz linewidth diode lasers by stabilization to vibrationally and thermally compenstated ultralow-expansion glass Fabry-Perot cavities},
	Volume = {77},
	Year = {2008}}

@conference{Allan_91,
	Author = {D. Allan and M. Weiss and J. Jespersen},
	Booktitle = {45th Annual Symposium on Frequency Control},
	Title = {A Frequency-domain view of time-domain characterization of clocks and time and frequency distribution systems},
	Year = {1991}}

@conference{Allan_88,
	Author = {D. Allan and H. Hellwig and P. Kartaschoff and J. Vanier and J. Vig and G. Winkler and N.F. Yannoni},
	Booktitle = {42nd Annual Frequency Control Symposium},
	Title = {Standard Terminology for fundamental frequency and time metrology},
	Year = {1988}}

@article{Greenhall_98,
	Author = {C.A. Greenhall},
	Journal = {IEEE Transactions on instrumentation and measurement},
	Number = {3},
	Pages = {623-627},
	Title = {Spectral Ambiguity of Allan Variance},
	Volume = {47},
	Year = {1998}}

@article{Bondu_96,
	Author = {F. Bondu and P. Fritschel and C.N. Man and A. Brillet},
	Journal = {Optics Letters},
	Number = {8},
	Pages = {582-584},
	Title = {Ultrahigh-spectral-purity laser for the VIRGO experiment},
	Volume = {21},
	Year = {1996}}

@conference{Shaddock_06,
	Author = {D.A. Shaddock and B. Ware and P. Halverson and R.E. Spero and B. Klipstein},
	Booktitle = {Proceedings of the Sixth International LISA Symposium},
	Editor = {S.M. Merkowitz and J.C. Livas},
	Pages = {654-660},
	Publisher = {AIP Conference Proceedings},
	Title = {An Overview of the {LISA} Phasemeter},
	Volume = {873},
	Year = {2006}}

@article{Numata_04,
	Author = {K. Numata and A. Kemery and J. Camp},
	Journal = {Physical Review Letters},
	Number = {250602},
	Title = {Thermal-noise limit in the frequency stabilization of lasers with rigid cavities},
	Volume = {93},
	Year = {2004}}

@article{Young_99,
	Author = {B.C. Yound and F.C. Cruz and W.M. Itano and J.C. Bergquist},
	Journal = {Physical Review Letters},
	Month = {May},
	Number = {19},
	Pages = {3799-3802},
	Title = {Visible Lasers and Subhertz linewidths},
	Volume = {82},
	Year = {1999}}

@article{Salomon_88,
	Author = {C. Salomon and D. Hils and J.L. Hall},
	Journal = {Journal of the Optical Society of America},
	Number = {8},
	Pages = {1576-1587},
	Title = {Laser stabilization at the milliHertz level},
	Volume = {5},
	Year = {1988}}

@article{Drever_83,
	Author = {R.W.P. Drever and J.L. Hall and F.V. Kowalski and J. Hough and G.M. Ford and A.J. Munley},
	Journal = {Applied Physics B},
	Pages = {97-105},
	Title = {Laser Phase and Frequency Stabilization Using an Optical Resonator},
	Volume = {31},
	Year = {1983}}

@article{Pound_46,
	Author = {R.V. Pound},
	Journal = {The Review of Scientific Instruments},
	Month = {November},
	Number = {11},
	Pages = {490-505},
	Title = {Electronic Frequency Stabilization of Microwave Oscillators},
	Volume = {17},
	Year = {1946}}

@article{Ye_99,
	Author = {J. Ye and J.L. Hall},
	Journal = {Optics Letters},
	Pages = {1838-1840},
	Title = {Optical phase loclking in microradian domain: potential applications to NASA spaceborne optical measurements},
	Volume = {24},
	Year = {1999}}

@article{Thorpe_05,
	Author = {J.I. Thorpe and G. Mueller},
	Journal = {Physics Letters A},
	Pages = {199-204},
	Title = {Experimental verification of arm-locking for {LISA} using electronic phase delay},
	Volume = {342},
	Year = {2005}}

@article{Sheard_03,
	Author = {B.S. Sheard and M.B. Gray and D.E. McClelland and D.A. Shaddock},
	Journal = {Physics Letters A},
	Number = {1},
	Pages = {9-21},
	Title = {Laser frequency stabilization by locking to a {LISA} arm},
	Volume = {320},
	Year = {2003}}

@article{Hall_99,
	Author = {J.L. Hall and L. Ma and M. Taubman and B. Tiemann and F. Hong and O. Pfister and J. Ye},
	Journal = {IEEE Transactions on instrumentation and measurement},
	Month = {April},
	Number = {2},
	Pages = {583-586},
	Title = {Stabilization and Frequency Measurement of the $I_2$-stabilized Nd:YAG Laser},
	Volume = {48},
	Year = {1999}}

@article{Eickhoff_95,
	Author = {M.L. Eickhoff and J.L. Hall},
	Journal = {IEEE Transactions on instrumentation and measurement},
	Number = {2},
	Pages = {155-158},
	Title = {Optical standard at 543$\,$nm},
	Volume = {44},
	Year = {1995}}

@article{Shaddock_04b,
	Author = {D.A. Shaddock and B. Ware and R.E. Spero and M. Vallisneri},
	Journal = {Physical Review D},
	Number = {081101(R)},
	Title = {Post-process time delay interferometry for {LISA}},
	Volume = {70},
	Year = {2004}}

@article{Shaddock_04,
	Author = {D.A. Shaddock},
	Journal = {Physical Review D},
	Number = {022001},
	Title = {Operating {LISA} as a Sagnac Interferometer},
	Volume = {69},
	Year = {2004}}

@article{McKenzie_09,
	Author = {Kirk McKenzie and Robert E. Spero and Daniel A. Shaddock},
	Journal = {Physical Review D},
	Number = {102003},
	Title = {The performance of arm locking in {LISA}},
	Volume = {80},
	Year = {2009}}

@article{Tinto_99,
	Author = {M. Tinto and J.W. Armstrong},
	Journal = {Physical Review D},
	Pages = {102003},
	Title = {Cancellation of laser frequency noise in an unequal arm detector of gravitational waves},
	Volume = {59},
	Year = {1999}}

@article{Shaddock_03,
	Author = {D.A. Shaddock and M. Tinto and F.B. Estabrook and J.W. Armstrong},
	Journal = {Physical Review D},
	Number = {061303(R)},
	Title = {Data Combinations accounting for {LISA} spacecraft motion},
	Volume = {68},
	Year = {2003}}

@techreport{Mueller_05,
	Author = {G. Mueller and P. McNamara and J.I. Thorpe and J. Camp},
	Institution = {NASA},
	Month = {December},
	Number = {NASA/TM-2005-212794},
	Title = {Laser Frequency Stabilization for {LISA}},
	Year = {2005}}

@techreport{Bender_98,
	Address = {Garching},
	Author = {P. Bender and K. Danzmann and the LISA Study Team},
	Institution = {Max-Planck-Institut fur Quantenoptik},
	Number = {MPQ233},
	Title = {Laser Interferometer Space Antenna for the Detection of Gravitational Waves, Pre-Phase A Report},
	Year = {1998}}

@article{Schutz_99,
	Author = {B.F. Schutz},
	Journal = {Class. Quant. Grav.},
	Pages = {A131-A156},
	Title = {Gravitational Wave Astronomy},
	Volume = {16},
	Year = {1999}}

@article{Black_01,
	Author = {Eric D. Black},
	Journal = {American Journal of Physics},
	Number = {1},
	Pages = {79-87},
	Title = {An introduction to Pound-Drever-Hall laser frequency stabilization},
	Volume = {69},
	Year = {2001}}

@article{Jennrich_09,
	Author = {O. Jennrich},
	Journal = {Class. Quant. Grav.},
	Number = {153001},
	Title = {{LISA} technology and instrumentation},
	Volume = {26},
	Year = {2009}}
	
@article{Littenberg_15,
  title = {Bayesian inference for spectral estimation of gravitational wave detector noise},
  author = {Littenberg, Tyson B. and Cornish, Neil J.},
  journal = {Phys. Rev. D},
  volume = {91},
  issue = {8},
  pages = {084034},
  numpages = {13},
  year = {2015},
  month = {Apr},
  publisher = {American Physical Society},
  doi = {10.1103/PhysRevD.91.084034},
  url = {https://link.aps.org/doi/10.1103/PhysRevD.91.084034}
}

@article{Green_95,
author = {Green, Peter J.},
title = {Reversible jump Markov chain Monte Carlo computation and Bayesian model determination},
journal = {Biometrika},
volume = {82},
number = {4},
pages = {711-732},
year = {1995},
doi = {10.1093/biomet/82.4.711},
URL = {http://dx.doi.org/10.1093/biomet/82.4.711},
eprint = {/oup/backfile/content_public/journal/biomet/82/4/10.1093/biomet/82.4.711/2/82-4-711.pdf}
}

